<record><leader>00000cas a22000007a 4500</leader><controlfield tag="001">11525190</controlfield><controlfield tag="008">841226d18721873aruwr ne      0    0eng d</controlfield><datafield ind1=" " ind2=" " tag="010"><subfield code="a">sn 84027758 </subfield></datafield><datafield ind1=" " ind2=" " tag="040"><subfield code="a">NPU</subfield><subfield code="b">eng</subfield><subfield code="c">NPU</subfield><subfield code="d">DLC</subfield><subfield code="d">OCLCQ</subfield></datafield><datafield ind1=" " ind2=" " tag="042"><subfield code="a">msc</subfield></datafield><datafield ind1="0" ind2="0" tag="245"><subfield code="a">Transcript and eye of the west.</subfield></datafield><datafield ind1=" " ind2=" " tag="260"><subfield code="a">Dardanelle, Ark. :</subfield><subfield code="b">[J.R. Bezzo]</subfield></datafield><datafield ind1=" " ind2=" " tag="300"><subfield code="a">v. ;</subfield><subfield code="c">61 cm.</subfield></datafield><datafield ind1=" " ind2=" " tag="310"><subfield code="a">Weekly</subfield></datafield><datafield ind1="1" ind2=" " tag="362"><subfield code="a">Began in 1872; ceased in 1873?</subfield></datafield><datafield ind1=" " ind2=" " tag="588"><subfield code="a">Description based on: Vol. 4, no. 52 (Jan. 25, 1873).</subfield></datafield><datafield ind1=" " ind2=" " tag="752"><subfield code="a">United States</subfield><subfield code="b">Arkansas</subfield><subfield code="c">Yell</subfield><subfield code="d">Dardanelle.</subfield></datafield><datafield ind1="0" ind2="4" tag="780"><subfield code="t">Transcript</subfield></datafield><datafield ind1="0" ind2="4" tag="780"><subfield code="t">Eye of the west</subfield></datafield><datafield ind1="0" ind2="0" tag="785"><subfield code="t">Dardanelle argus</subfield></datafield></record>